@article{Rao:AMCQG_Survey,
  author   = {CH, Dhawaleswar Rao and Saha, Sujan Kumar},
  journal  = {IEEE Transactions on Learning Technologies},
  title    = {Automatic Multiple Choice Question Generation From Text: A Survey},
  year     = {2020},
  volume   = {13},
  number   = {1},
  pages    = {14-25},
  keywords = {Systematics;Manuals;Testing;Planets;Natural language processing;Task analysis;Automatic question generation;multiple choice questions;natural language processing;text analysis},
  doi      = {10.1109/TLT.2018.2889100}
}
@misc{monkashou_digital,
  author       = {文部科学省},
  title        = {GIGAスクール構想の実現へ},
  howpublished = {{\url{https://www.mext.go.jp/content/20200625-mxt_syoto01-000003278_1.pdf}}},
  year         = {2020}
}
@article{9767697,
  author   = {Larrañaga, Mikel and Aldabe, Itziar and Arruarte, Ana and Elorriaga, Jon A. and Maritxalar, Montse},
  journal  = {IEEE Transactions on Learning Technologies},
  title    = {A Qualitative Case Study on the Validation of Automatically Generated Multiple-Choice Questions From Science Textbooks},
  year     = {2022},
  volume   = {15},
  number   = {3},
  pages    = {338-349},
  keywords = {Ontologies;Task analysis;Online services;Learning systems;Internet;Encyclopedias;Proposals;Artificial intelligence;computer-assisted instruction;multiple-choice questions (MCQs);natural language processing (NLP);ontologies},
  doi      = {10.1109/TLT.2022.3171589}
}

@article{9964056,
  author   = {CH, Dhawaleswar Rao and Saha, Sujan Kumar},
  journal  = {IEEE Transactions on Learning Technologies},
  title    = {Generation of Multiple-Choice Questions From Textbook Contents of School-Level Subjects},
  year     = {2023},
  volume   = {16},
  number   = {1},
  pages    = {40-52},
  keywords = {Task analysis;Pipelines;Semantics;Syntactics;History;Manuals;Biology;Automatic question generation (AQG);educational NLP;multiple choice question (MCQ);school textbook processing},
  doi      = {10.1109/TLT.2022.3224232}
}

@article{Agarwal2012,
  author   = {Agarwal, Pooja K.
              and Bain, Patrice M.
              and Chamberlain, Roger W.},
  title    = {The Value of Applied Research: Retrieval Practice Improves Classroom Learning and Recommendations from a Teacher, a Principal, and a Scientist},
  journal  = {Educational Psychology Review},
  year     = {2012},
  month    = {Sep},
  day      = {01},
  volume   = {24},
  number   = {3},
  pages    = {437-448},
  abstract = {Over the course of a 5-year applied research project with more than 1,400 middle school students, evidence from a number of studies revealed that retrieval practice in authentic classroom settings improves long-term learning (Agarwal et al.2009; McDaniel et al., Journal of Educational Psychology 103:399--414, 2011; McDaniel et al.2012; Roediger et al., Journal of Experimental Psychology: Applied 17:382--395, 2011a). Retrieval practice, or the use of quizzes and exams to engage and enhance retrieval processes, has been widely established as an effective strategy for facilitating learning in laboratory settings (e.g., Roediger et al.2011c). In this article, we review recent findings from applied research that demonstrate that retrieval practice enhances long-term classroom learning, delayed quizzes are particularly potent for retention, quizzes benefit students' transfer to novel quiz items, and quizzes with feedback improve students' learning and metacognitive awareness. In addition to generating evidence to support retrieval-based learning, these applied research studies also enhanced the professional development of the teachers, administrators, and scientists involved in the project. In this article, it is our hope that by sharing what we have learned from a variety of perspectives, applied scientific research in K-12 classrooms will continue to be explored and generated at local, state, and national levels, improving student learning and educational decision-making.},
  issn     = {1573-336X},
  doi      = {10.1007/s10648-012-9210-2},
  url      = {https://doi.org/10.1007/s10648-012-9210-2}
}

@misc{shiroyagi_w2v,
  author = {白ヤギコーポレーション},
  title  = {word2vecの学習済み日本語モデルを公開します},
  note   = {\url{https://aial.shiroyagi.co.jp/2017/02/japanese-word2vec-model-builder/}},
  year   = {2017}
}
  
@misc{myclear_rika,
  publisher = {教育開発出版株式会社},
  title     = {マイクリア理科　全学年},
  year      = {2021}
}

@misc{myclear_shakai,
  publisher = {教育開発出版株式会社},
  title     = {マイクリア社会　全学年},
  year      = {2021}
}

@article{1571135652907703424,
  author    = {菅原 遼介 and 高木 正則},
  title     = {誤回答情報を用いた多肢選択形式作問支援システムにおける誤答選択肢の評価},
  journal   = {情報処理学会研究報告. コンピュータと教育研究会報告},
  publisher = {一般社団法人情報処理学会},
  year      = {2014},
  month     = {Feb},
  volume    = {2014},
  number    = {13},
  pages     = {1-9},
  url       = {https://cir.nii.ac.jp/crid/1571135652907703424}
}

@techreport{weko_113037_1,
  author      = {古舘 昌伸 and 高木 正則 and 高木 輝彦},
  title       = {試験問題の自動生成を可能とする知識ベース自動構築手法の提案と評価},
  year        = {2015},
  institution = {岩手県立大学大学院, 岩手県立大学大学院, 電気通信大学大学院情報システム学研究科／日本学術振興会},
  number      = {14},
  month       = {feb}
}

@article{2014KJ00009649924,
  title   = {モバイル端末を活用した小テストの出題形式と出題方法が動機づけや正答率に与える影響 : テスト接近・回避傾向に着目して(＜特集＞1人1台端末時代の学習環境と学習支援)},
  author  = {北澤 武 and 佐藤 弘毅 and 赤堀 侃司},
  journal = {日本教育工学会論文誌},
  volume  = {38},
  number  = {3},
  pages   = {193-209},
  year    = {2014},
  doi     = {10.15077/jjet.KJ00009649924}
}

@article{8d20e0b8-89d8-3d65-bcf5-8c19d56ec4ab,
  issn      = {0006341X, 15410420},
  url       = {http://www.jstor.org/stable/2529310},
  abstract  = {This paper presents a general statistical methodology for the analysis of multivariate categorical data arising from observer reliability studies. The procedure essentially involves the construction of functions of the observed proportions which are directed at the extent to which the observers agree among themselves and the construction of test statistics for hypotheses involving these functions. Tests for interobserver bias are presented in terms of first-order marginal homogeneity and measures of interobserver agreement are developed as generalized kappa-type statistics. These procedures are illustrated with a clinical diagnosis example from the epidemiological literature.},
  author    = {J. Richard Landis and Gary G. Koch},
  journal   = {Biometrics},
  number    = {1},
  pages     = {159--174},
  publisher = {[Wiley, International Biometric Society]},
  title     = {The Measurement of Observer Agreement for Categorical Data},
  urldate   = {2024-02-07},
  volume    = {33},
  year      = {1977}
}

@inproceedings{NIPS2013_9aa42b31,
  author    = {Mikolov, Tomas and Sutskever, Ilya and Chen, Kai and Corrado, Greg S and Dean, Jeff},
  booktitle = {Advances in Neural Information Processing Systems},
  editor    = {C.J. Burges and L. Bottou and M. Welling and Z. Ghahramani and K.Q. Weinberger},
  pages     = {},
  publisher = {Curran Associates, Inc.},
  title     = {Distributed Representations of Words and Phrases and their Compositionality},
  url       = {https://proceedings.neurips.cc/paper_files/paper/2013/file/9aa42b31882ec039965f3c4923ce901b-Paper.pdf},
  volume    = {26},
  year      = {2013}
}

@article{arai2015,
  title   = {多肢選択式問題を作成する上で大切なこと},
  author  = {荒井 清佳},
  journal = {日本テスト学会誌},
  volume  = {11},
  number  = {1},
  pages   = {21-34},
  year    = {2015},
  doi     = {10.24690/jart.11.1_21}
}

@misc{chuoushingi_reiwa,
  title  = {「令和の日本型学校教育」の構築を目指して（答申）},
  author = {中央教育審議会},
  year   = {2021},
  url    = {https://www.mext.go.jp/b_menu/shingi/chukyo/chukyo3/079/sonota/1412985_00002.htm}
}

@misc{gigaschool,
  title  = {GIGAスクール構想の実現へ},
  author = {文部科学省},
  year   = {2020},
  url    = {https://www.mext.go.jp/content/20200625-mxt_syoto01-000003278_1.pdf}
}

@others{shizuoka_np,
  title  = {試験問題作成に生成ＡＩ　教職員の業務負担軽減へ　静岡県議会},
  author = {静岡新聞社},
  year   = {2023},
  url    = {https://www.at-s.com/news/article/shizuoka/1326360.html}
}

@inproceedings{ogawa_,
  title     = {多肢選択問題における誤選択肢の分類と作成法の検討},
  author    = {小川 修史 and 梅本 修平 and 松田 憲幸 and 平嶋 宗 and 瀧 寛和},
  booktitle = {日本教育工学会第29回全国大会講演論文集},
  year      = {2013},
  month     = {Sep},
  pages     = {3a-1-403-02}
}

@book{AA11477962,
  editor    = {日本教育工学会},
  title     = {日本教育工学会大会講演論文集},
  publisher = {日本教育工学会大会実行委員会},
  year      = {198-},
  url       = {https://ci.nii.ac.jp/ncid/AA11477962}
}

@article{石橋和樹2016,
  title   = {多肢選択問題における誤選択肢の表層的類似性と深層的類似性},
  author  = {石橋 和樹 and 松田 憲幸 and 小川 修史 and 平嶋 宗 and 瀧 寛和},
  journal = {人工知能学会全国大会論文集},
  volume  = {JSAI2016},
  number  = { },
  pages   = {1C32-1C32},
  year    = {2016},
  doi     = {10.11517/pjsai.JSAI2016.0_1C32}
}

@article{松田憲幸2015,
  title    = {多肢選択問題における有意味誤選択肢の提案},
  author   = {松田 憲幸 and 小川 修史 and 平嶋 宗 and 瀧 寛和},
  journal  = {人工知能学会全国大会論文集},
  volume   = {JSAI2015},
  number   = { },
  pages    = {1E5OS11b4-1E5OS11b4},
  year     = {2015},
  doi      = {10.11517/pjsai.JSAI2015.0_1E5OS11b4},
}

@article{小川修史2013,
  title   = {Prologによる解法知識を用いた誤答解説文付き多肢選択問題の生成},
  author  = {小川 修史 and 松田 憲幸 and 平嶋 宗 and 瀧 寛和},
  journal = {教育システム情報学会誌},
  volume  = {30},
  number  = {2},
  pages   = {139-147},
  year    = {2013},
  doi     = {10.14926/jsise.30.139}
}
